
@misc{f1,
    title = {Definición de Ingeniería},
    url = {http://conceptodefinicion.de/ingeneria/},
    abstract = {Introducción al termino de ingeniería},
    urldate = {2016-04-17},
    author = {Venemedia},
    month = apr,
    year = {2016},
}


@misc{f2,
	title = {Calidad de Vida},
	url = {http://www.sura.com/blogs/calidad-de-vida/tunel-carpiano.aspx},
	abstract = {Para que las manos no nos duelan},
	urldate = {2016-04-17},
	author = {Sura},
	month = apr,
	year = {2016},
}

@misc{f3,
	title = {Sociedad y Salud},
	url = {http://www.medisur.sld.cu/index.php/medisur/announcement/view/3139.},
	abstract = {Sociedad y Salud: Alta incidencia en Colombia del síndrome del túnel carpiano},
	urldate = {2016-04-17},
	author = {Medisur},
	month = apr,
	year = {2016},
}

@misc{f4,
	title = {En Colombia hay 14,4 millones de usuarios de 'smartphones'},
	url = {http://www.eltiempo.com/tecnosfera/novedades-tecnologia/},
	abstract = {El mercado nacional es cercano al de países desarrollados, con una penetración de 106 por ciento.},
	urldate = {2016-04-17},
	author = {El Tiempo},
	month = apr,
	year = {2016},
}

@misc{f5,
	title = {Definición de ingeniería de sistemas},
	url = {http://ingenierodesistemas.co/editorial/definicion-de-ingenieria-de-sistemas/},
	abstract = {La gente relaciona las profesiones con conceptos y son en parte los profesionales quienes dejan la imagen de esos conceptos en la imagen de los demás},
	urldate = {2016-04-17},
	author = {El Blog del ingeniero de sistemas},
	month = apr,
	year = {2016},
}

@misc{f6,
	title = {¿Que es la ingenieria software?},
	url = {https://social.technet.microsoft.com/Forums/es-ES/},
	abstract = {¿Que es la ingenieria de software?},
	urldate = {2016-04-17},
	author = {irvin rodlt},
	month = apr,
	year = {2016},
}


@misc{f7,
	title = {Software},
	url = {http://dle.rae.es/?id=YErlG2H},
	abstract = {¿Que es la ingenieria de software?},
	urldate = {2016-04-17},
	author = {Real academia de la lengua española },
	month = apr,
	year = {2016},
}


@article{f8,
	author  = "DEPARTMENT OF HEALTH AND HUMAN SERVICES Public Health Service National Institutes of Health	",
	title   = "Sindrome del Tunel Carpiano U.S.",
	month = apr,
	year    = "2014"
}

@article{f9,
	author  = "Cafam EPS",
	title   = "Protocolo de manejo fisioterapéutico en pacientes con STC",
	month = apr,
	year    = "2015"
}

@article{s1,
	author  = "Jenkins PJ and Watts AC and Duckworth AD and McEachan JE",
	title   = "Socioeconomic deprivation and the epidemiology of carpal tunnel syndrome",
	year    = "2012",
	journal = "J Hand Surg Eur",
	volume  = "37",
	number  = "123e9"
}

@article{s2,
	author  = "Fan ZJ and Harris-Adamson C and Gerr F and et al",
	title   = "Associations between workplace factors and carpal tunnel syndrome: a multi-site cross sectional study",
	year    = "2015",
	journal = "Am J Ind Med",
	volume  = "58",
	number  = "509e18"
}

@article{s3,
	author  = "Senthooran Raja and Adrian J Carlos",
	title   = "Carpal tunnel syndrome e current controversies",
	year    = "201",
	journal = "ORTHOPAEDICS AND TRAUMA",
	volume  = "29",
	number  = "4"
}

@article{s4,
	author  = "Von Shroeder HP and Botte MJ",
	title   = " Carpal tunnel syndrome",
	year    = "1996",
	journal = "Hand Clin",
	volume  = "12",
	number  = "643e55"
}


@article{s5,
	author  = "Stevens JC and Sun S and Beard CM and O'Fallon WM and Kurland LT",
	title   = "Carpal tunnel syndrome in Rochester",
	year    = "2012",
	number  = "1961e1980"
}

@article{s6,
	author  = "Pomerance J and Fine I",
	title   = "Outcomes of carpal tunnel surgery with and without supervised postoperative therapy",
	year    = "2007",
	journal = "J Hand Surg Am ",
	volume  = "32",
	number  = "1159e63"
}


@article{s7,
	author  = "Butterfield PG and Spencer PS and Redmond N and Rosenbaum R and Zirkle DF",
	title   = "Clinical and employment outcomes of carpal tunnel syndrome in Oregon workers' compensation recipients",
	year    = "1997",
	journal = "TOG (A Coruña)",
	volume  = "7",
	number  = "61e73"
}

@article{v1,
	author  = "Amante, M",
	title   = "Intervención de terapia ocupacional en el Síndrome del Túnel Carpiano",
	year    = "2013",
	journal = "J Occ Rehabil",
	volume  = "10",
	number  = "17",
	pages 	= "1--15"
}

@misc{v2,
	author  = "Herrera, F. and González, M",
	title   = "Caracterizacion del ausentismo laboral por causas médicas en una empresa de telecomunicaciones a nivel nacional",
	url = {http://repository.urosario.edu.co/bitstream/handle/},
	year    = "2015"
}

@misc{v3,
	author  = "Ministerio del Trabajo e Instituto de Evaluación Tecnológica de la Salud ",
	title   = "Guías de atención integral en Seguridad y salud en el trabajo. Desorden músculo esquelético de miembro superior relacionado con el trabajo",
	url = {http://www.mintrabajo.gov.co/component/docman/doc\_download/3138-alcance},
	year    = "2015"
}


@article{o1,
	author  = "Roquelaure Y, Ha C, Pelier-Cady M",
	title   = "Work increases the incidence of carpal tunnel syndrome in the general population",
	year    = "2008",
	volume  = "37",
	pages 	= "477–82"
}

@article{o2,
	author  = "Bugajska J, Jędryka-Góral A, Sudoł-Szopińska",
	title   = "Carpal tunnel syndrome in occupational medicine practice ",
	year    = "2007",
	journal = "American Journal of Industrial Medicine",
	volume  = "13",
	pages 	= "29–38"
}

@article{o3,
	author  = "Luckhaupt SE, Dahlhamer JM, Ward BW",
	title   = "Prevalence and work-relatedness of carpal tunnel syndrome in the working population, United States, 2010 National Health Interview Survey",
	year    = "2013",
	journal = "American Journal of Industrial Medicine",
	volume  = "56",
	pages 	= "615–24"
}


@misc{o5,
	title = {Asociación Colombianan para el Estudio del Dolor},
	url = {http://dolor.org.co/encuesta/5ta%20Encuesta%20Nacional%20de%20Dolor.pdf},
	abstract = {QUINTO ESTUDIO NACIONAL DEL DOLOR},
	urldate = {2016-04-17},
	author = {ACED},
	month = apr,
	year = {2010},
}


@article{o6,
	author  = "Nora DB, BeckerJ, Ehlers JA, Gomes",
	title   = "Clínical features of 1039 patients with neurophysiological diagnosis of carpal tunnel syndrome",
	year    = "2004",
	journal = "Neurosurg",
	volume  = "107",
	pages 	= "64-69"
}

@article{o7,
	author  = "BanachM, GryzEA, SzczudlikA",
	title   = "Carpal tunnel syndrome",
	year    = "2004",
	journal = "Przegl Lek",
	volume  = "61",
	pages 	= "120-125"
}

@article{o8,
	author  = "Stembach G",
	title   = "The carpal tunnel syndrome",
	year    = "1999",
	journal = "EmergMed",
	volume  = "17",
	pages 	= "519- 523"
}

@article{o9,
	author  = "Weiss AP, Akelman E",
	title   = "Carpal tunnel syndrome",
	year    = "1992",
	journal = "R I Med ",
	volume  = "75",
	pages 	= "303-306"
}

@article{o10,
	author  = "Szabo RM, Slater Jr RR, Farver TB, Stanton DB, Sharman WK",
	title   = "The value of diagnostic testing in carpal tunnel syndrome",
	year    = "1999",
	journal = "J Hand Surg",
	volume  = "24",
	pages 	= "704-714"
}

@article{o11,
	author  = "KatzJN, LarsonMG, Sabra A ",
	title   = "The carpal tunnel syndrome: diagnostic utility ofthe history and physical examination fmdings",
	year    = "1990",
	journal = "Ann Intern Med",
	volume  = "112",
	pages 	= "321-327"
}

@article{o12,
	author  = "Kuschner SH Ebrarnzadeh E Johnson D, Brien, Sherman R. Tinel",
	title   = "sign and Phalen's testin carpal tunnel syndrome",
	year    = "1992",
	journal = "Orthopedics",
	volume  = "15",
	pages 	= "1297 -1302"
}

@article{o13,
	author  = "MacDermid JC, Wessel J",
	title   = "Clinical diagnosis of carpal tunnel syndrome: a systematic review",
	year    = "2004",
	journal = "Hand Ther",
	volume  = "17",
	pages 	= "309 - 319"
}

@article{o14,
	author  = "MacDermid JC, Doherty T",
	title   = "Clinical and electrodiagnostic testing of carpal tunnel syndrome: a narrative review",
	year    = "2004",
	journal = "J Orthop Sports Phys Ther",
	volume  = "34",
	pages 	= "565 - 588"
}

@article{o15,
	author  = "Novak CB Mackinnon SE Brownlee R Kelly L",
	title   = "Provocative sensory testing in carpal runnel syndrome",
	year    = "1992",
	journal = "J Hand Surg",
	volume  = "17",
	pages 	= "204 - 208"
}

@article{o16,
	author  = "Durkan JA",
	title   = "A new diagnostic test for carpal runnel syndrome",
	year    = "1991",
	journal = "J Bone Joint Surg",
	volume  = "73",
	pages 	= "535 - 538"
}

@article{o17,
	author  = "Oehler RL, Smith K, Toney JF",
	title   = "Infectious diseases resources for the iPhone",
	year    = "2010",
	journal = "Clin Infect Dis ",
	volume  = "50",
	pages 	= "1268 - 74"
}

@article{o18,
	author  = "Durkan JA",
	title   = "A new diagnostic test for carpal runnel syndrome",
	year    = "1991",
	journal = "J Bone Joint Surg",
	volume  = "73",
	pages 	= "535 - 538"
}

@article{o19,
	author  = "REDACCIÓN TECNÓSFERA  ",
	title   = "En Colombia hay 14,4 millones de usuarios de smartphones",
	year    = "2015",
	journal = "El tiempo",
	volume  = "73",
	pages 	= "535 - 538"
}

